%% IEEE abbrivations - NOTE currently applied
@String{TPAMI = "TPAMI"}
@String{TIP = "TIP"}
@String{ICPR = "ICPR"}
@String{CVPR = "CVPR"}
@String{ECCV = "ECCV"}
@String{ICCV = "ICCV"}
@String{IJCV = "IJCV"}
@String{CVIU = "CVIU"}
@String{BMVC = "BMVC"}
@String{ACCV = "ACCV"}
@String{ACCVW = "ACCV Workshops"}
@String{ICML = "ICML"}
@String{ECML = "ECML"}
@String{NIPS = "NIPS"}
@String{JMLR = "JMLR"}
@String{JASP = "EURASIP JASP"}
@String{VS-PETS = "VS-PETS"}
@String{ACMMM = "ACM Multimedia "}
@String{ACMMMW = "ACM Multimedia Workshops"}
@String{WSMC = "WSMC"}
@String{TIST = "ACM TIST"}
@String{CVPRW = "CVPR Workshops"}
@String{ICCVW = "ICCV Workshops"}
@String{ECCVW = "ECCV Workshops"}
@String{CGF = "Comput. Graphics Forum"}
@String{CGF = "CFG"}
@String{SIGGRAPH = "ACM SIGGRAPH"}
@String{TOG = "ACM TOG"}
@String{AVSS = "AVSS"} 
@String{FGR = "AFGR"}
@String{ICME = "ICME"}
@String{PRCM = "PRCM"}
@String{PCCGA = "PCCGA"}
@String{TIFS = "TIFS"}
@String{MVA = "MVA"}
@String{AFGR = "AFGR"}
@String{ICMI = "ICMI"}
@String{ICLR = "ICLR"}
@String{ICPR = "ICPR"}
@String{WACV = "WACV"}
@String{BTAS = "BTAS"}
@String{VISAPP = "VISAPP"}
@String{IC3DV = "3DV"}
@String{ISIT = "ISIT"}

%% IEEE abbrivations - NOTE currently applied
@String{TPAMI = "TPAMI"}
@String{TIP = "TIP"}
@String{ICPR = "ICPR"}
@String{CVPR = "CVPR"}
@String{ECCV = "ECCV"}
@String{ICCV = "ICCV"}
@String{IJCV = "IJCV"}
@String{CVIU = "CVIU"}
@String{BMVC = "BMVC"}
@String{ACCV = "ACCV"}
@String{ICML = "ICML"}
@String{ECML = "ECML"}
@String{NIPS = "NIPS"}
@String{AISTATS = "AISTATS"}
@String{NIPSW = "NIPSW"}
@String{JMLR = "JMLR"}
@String{MLJ = "MLJ"}
@String{AIR = "AIR"}
@String{JASP = "JASP"}
@String{VS-PETS = "VS-PETS"}
@String{ACMMM = "ACMMM"}
@String{WSMC = "WSMC"}
@String{TIST = "TIST"}
@String{CVPRW = "CVPRW"}
@String{ICCVW = "ICCVW"}
@String{ECCVW = "ECCVW"}
@String{CGF = "CGF"}
@String{SIGGRAPH = "SIGGRAPH"}
@String{TOG = "TOG"}
@String{AVSS = "AVSS"} %for Security, Safety and Monitoring in Smart Environments
@String{FGR = "FGR"}
@String{ICME = "ICME"}
@String{PRCM = "PRCM"}
@String{PCCGA = "PCCGA"}
@String{TIFS = "TIFS"}
@String{TIT = "TIT"}
@String{TCT = "TCT"}
@String{MVA = "MVA"}
@String{AFGR = "AFGR"}
@String{ICMI = "ICMI"}
@String{ICLR = "ICLR"}
@String{WACV = "WACV"}
@String{BTAS = "Int. Conf. on Biometrics: Theory, Applications and Systems"}
@String{IJCB = "IJCB"}
@String{PRL = "PRL"}
@String{AAAI = "AAAI"}
@String{ISIT = "ISIT"}

% %% IEEE abbrivations - NOTE currently applied
% @String{TPAMI = "Trans. Pattern Anal. Mach. Intell."}
% @String{TIP = "Trans. Image Processing"}
% @String{ICPR = "Int. Conf. Pattern Recognition"}
% @String{CVPR = "Proc. Conf. Comput. Vision Pattern Recognition"}
% @String{ECCV = "European Conf. Comput. Vision"}
% @String{ICCV = "Proc. Int. Conf. Comput. Vision"}
% @String{IJCV = "Int. J. Comput. Vision "}
% @String{CVIU = "Comput. Vision Image Understanding"}
% @String{BMVC = "Proc. British Mach. Vision Conf."}
% @String{ACCV = "Asian Conf. Comput. Vision"}
% @String{ICML = "Int. Conf. Mach. Learning"}
% @String{ECML = "European Conf. Mach. Learning"}
% @String{NIPS = "Neural Inform. Process. Syst."}
% @String{AISTATS = "Artificial Intelligence and Statistics"}
% @String{NIPSW = "Neural Inform. Process. Syst. Workshops"}
% @String{JMLR = "J. Mach. Learning Research"}
% @String{MLJ = "Mach. Learn."}
% @String{AIR = "Artificial Intelligence Review"}
% @String{JASP = "EURASIP J. Adv. Signal Process."}
% @String{VS-PETS = "Visual Surveillance Performance Evaluation of Tracking and Surveillance"}
% @String{ACMMM = "Int. Conf. Multimedia"}
% @String{WSMC = "Proc. workshop Web-scale multimedia corpus"}
% @String{TIST = "ACM Trans. Intell. Syst. Technol."}
% @String{CVPRW = "Proc. Conf. Comput. Vision Pattern Recognition Workshops"}
% @String{ICCVW = "Proc. Int. Conf. Comput. Vision Workshops"}
% @String{ECCVW = "European Conf. Comput. Vision Workshops"}
% @String{CGF = "Comput. Graphics Forum"}
% @String{SIGGRAPH = "Proc. ACM SIGGRAPH Conf. Comput. Graphics"}
% @String{TOG = "ACM Trans. on Graphics"}
% @String{AVSS = "Int. Conf. on Advanced Video and Signal based Surveillance"} %for Security, Safety and Monitoring in Smart Environments
% @String{FGR = "Int. Conf. on Automatic Face and Gesture Recognition"}
% @String{ICME = "Int. Conf. on Multimedia and Expo"}
% @String{PRCM = "Pacific Rim Conf. on Multimedia"}
% @String{PCCGA = "Pacific Conf. on Comput. Graphics and Applications"}
% @String{TIFS = "Trans. on Inform. Forensics and Security"}
% @String{TIT = "Trans. on Inform. Theory"}
% @String{TCT = "Trans. on Comm. Tech."}
% @String{MVA = "Machine Vision and Applications"}
% @String{AFGR = "Automatic Face and Gesture Recognition"}
% @String{ICMI = "Int. Conf. on Multimodal Interaction"}
% @String{ICLR = "Int. Conf. on Learning Representations"}
% @String{WACV = "Winter Conf. on App. of Comput. Vision"}
% @String{BTAS = "Int. Conf. on Biometrics: Theory, Applications and Systems"}
% @String{IJCB = "Int. Joint Conf. on Biometrics"}
% @String{PRL = "Pattern Recognition Letters"}
% @String{AAAI = "AAAI Conf. on Artificial Intelligence"}
% @String{ISIT = "Int. Symp. on Information Theory"}

@article{krizhevsky2014cifar,
  title={The CIFAR-10 dataset},
  author={Krizhevsky, Alex and Nair, Vinod and Hinton, Geoffrey},
  journal={online: http://www. cs. toronto. edu/kriz/cifar. html},
  year={2014}
}

@inproceedings{he2016deep,
  title={Deep residual learning for image recognition},
  author={He, Kaiming and Zhang, Xiangyu and Ren, Shaoqing and Sun, Jian},
  booktitle={Proceedings of the IEEE conference on computer vision and pattern recognition},
  pages={770--778},
  year={2016}
}


@inproceedings{netzer2011reading,
  title={Reading digits in natural images with unsupervised feature learning},
  author={Netzer, Yuval and Wang, Tao and Coates, Adam and Bissacco, Alessandro and Wu, Bo and Ng, Andrew Y},
  booktitle={NIPS workshop on deep learning and unsupervised feature learning},
  volume={2011},
  pages={5},
  year={2011}
}


@article{lecun-mnisthandwrittendigit-2010,
  added-at = {2010-06-28T21:16:30.000+0200},
  author = {LeCun, Yann and Cortes, Corinna},
  biburl = {https://www.bibsonomy.org/bibtex/2935bad99fa1f65e03c25b315aa3c1032/mhwombat},
  groups = {public},
  howpublished = {http://yann.lecun.com/exdb/mnist/},
  interhash = {21b9d0558bd66279df9452562df6e6f3},
  intrahash = {935bad99fa1f65e03c25b315aa3c1032},
  keywords = {MSc _checked character_recognition mnist network neural},
  lastchecked = {2016-01-14 14:24:11},
  timestamp = {2016-07-12T19:25:30.000+0200},
  title = {{MNIST} handwritten digit database},
  url = {http://yann.lecun.com/exdb/mnist/},
  username = {mhwombat},
  year = 2010
}

@incollection{gibbons2011nonparametric,
  title={Nonparametric statistical inference},
  author={Gibbons, Jean Dickinson and Chakraborti, Subhabrata},
  booktitle={International encyclopedia of statistical science},
  pages={977--979},
  year={2011},
  publisher={Springer}
}


@article{orhan2011eeg,
  title={EEG signals classification using the K-means clustering and a multilayer perceptron neural network model},
  author={Orhan, Umut and Hekim, Mahmut and Ozer, Mahmut},
  journal={Expert Systems with Applications},
  volume={38},
  number={10},
  pages={13475--13481},
  year={2011},
  publisher={Elsevier}
}

% Bhattacharyya distance
@article{kailath1967divergence,
  title={The divergence and Bhattacharyya distance measures in signal selection},
  author={Kailath, Thomas},
  journal={IEEE transactions on communication technology},
  volume={15},
  number={1},
  pages={52--60},
  year={1967},
  publisher={IEEE}
}

@book{cover2012elements,
  title={Elements of information theory},
  author={Cover, Thomas M and Thomas, Joy A},
  year={2012},
  pages={304--308},
  publisher={John Wiley \& Sons}
}


@article{press2007section,
  title={Section 2.7. 1 Sherman--Morrison Formula},
  author={Press, William H and Teukolsky, Saul A and Vetterling, William T and Flannery, Brian P},
  journal={Numerical Recipes: The Art of Scientific Computing (3rd ed.). Cambridge University Press, New York},
  volume={1},
  year={2007}
}

@article{valiant1984theory,
  title={A theory of the learnable},
  author={Valiant, Leslie G},
  journal={Communications of the ACM},
  volume={27},
  number={11},
  pages={1134--1142},
  year={1984},
  publisher={ACM}
}


@book{lawson1995solving,
  title={Solving least squares problems},
  author={Lawson, Charles L and Hanson, Richard J},
  volume={15},
  year={1995},
  publisher={Siam}
}

@article{shtar1987universal,
  title={Universal sequential coding of single messages},
  author={Shtar'kov, Yurii Mikhailovich},
  journal={Problemy Peredachi Informatsii},
  volume={23},
  number={3},
  pages={3--17},
  year={1987},
  publisher={Russian Academy of Sciences, Branch of Informatics, Computer Equipment and~â€¦}
}

@article{hayes19969,
  title={9.4: Recursive least squares},
  author={Hayes, Monson H},
  journal={Statistical Digital Signal Processing and Modeling},
  pages={541},
  year={1996},
  publisher={John Wiley \& Sons, INC. New York, Chichester, Brisbane, Toronto, Singapore}
}

@inproceedings{Fogel2018,
  title={Universal batch learning with log-loss},
  author={Fogel, Yaniv and Feder, Meir},
  booktitle={2018 IEEE International Symposium on Information Theory (ISIT)},
  pages={21--25},
  year={2018},
  organization={IEEE}
}


@article{Fogel2017,
    author = {Fogel, Yaniv and Feder, Meir},
    doi = {10.1109/ISIT.2017.8007079},
    isbn = {9781509040964},
    issn = {21578095},
    journal = {IEEE International Symposium on Information Theory - Proceedings},
    pages = {2995--2999},
    title = {{On the problem of on-line learning with log-loss}},
    year = {2017}
}

@article{fornalski2015applications,
  title={Applications of the robust Bayesian regression analysis},
  author={Fornalski, Krzysztof Wojciech},
  journal={International Journal of Society Systems Science},
  volume={7},
  number={4},
  pages={314--333},
  year={2015},
  publisher={Inderscience Publishers (IEL)}
}

@book{james2013introduction,
  title={An introduction to statistical learning},
  author={James, Gareth and Witten, Daniela and Hastie, Trevor and Tibshirani, Robert},
  volume={112},
  year={2013},
  publisher={Springer}
}

@book{vapnik2013nature,
  title={The nature of statistical learning theory},
  author={Vapnik, Vladimir},
  year={2013},
  publisher={Springer science \& business media}
}

@article{sontag1998vc,
  title={VC dimension of neural networks},
  author={Sontag, Eduardo D},
  journal={NATO ASI Series F Computer and Systems Sciences},
  volume={168},
  pages={69--96},
  year={1998},
  publisher={SPRINGER VERLAG}
}

@inproceedings{andrews2016transfer,
  title={Transfer representation-learning for anomaly detection},
  author={Andrews, Jerone TA and Tanay, Thomas and Morton, Edward J and Griffin, Lewis D},
  year={2016},
  organization={ICML}
}

@inproceedings{shalev2018out,
  title={Out-of-distribution detection using multiple semantic label representations},
  author={Shalev, Gabi and Adi, Yossi and Keshet, Joseph},
  booktitle={Advances in Neural Information Processing Systems},
  pages={7386--7396},
  year={2018}
}


@inproceedings{liang2017enhancing,
  author    = {Shiyu Liang and
               Yixuan Li and
               R. Srikant},
  title     = {Enhancing The Reliability of Out-of-distribution Image Detection in Neural Networks},
  booktitle = ICLR,
  publisher_rem = {OpenReview.net},
  year      = {2018},
  url_rem       = {https://openreview.net/forum?id=H1VGkIxRZ},
  timestamp_rem = {Thu, 22 Aug 2019 13:48:13 +0200},
  biburl_rem    = {https://dblp.org/rec/conf/iclr/LiangLS18.bib},
  bibsource_rem = {dblp computer science bibliography, https://dblp.org}
}


@article{cisse2017parseval,
  title={Parseval networks: Improving robustness to adversarial examples},
  author={Cisse, Moustapha and Bojanowski, Piotr and Grave, Edouard and Dauphin, Yann and Usunier, Nicolas},
  journal={arXiv preprint arXiv:1704.08847},
  year={2017}
}

@article{nayebi2017biologically,
  title={Biologically inspired protection of deep networks from adversarial attacks},
  author={Nayebi, Aran and Ganguli, Surya},
  journal={arXiv preprint arXiv:1703.09202},
  year={2017}
}

@article{madry2017towards,
  title={Towards deep learning models resistant to adversarial attacks},
  author={Madry, Aleksander and Makelov, Aleksandar and Schmidt, Ludwig and Tsipras, Dimitris and Vladu, Adrian},
  journal={arXiv preprint arXiv:1706.06083},
  year={2017}
}



@article{mor2018confidence,
  title={Confidence Prediction for Lexicon-Free OCR},
  author={Mor, Noam and Wolf, Lior},
  journal={arXiv preprint arXiv:1805.11161},
  year={2018}
}


% ISIT 2018
@incollection{VC,
  title={On the uniform convergence of relative frequencies of events to their probabilities},
  author={Vapnik, Vladimir N and Chervonenkis, A Ya},
  booktitle={Measures of complexity},
  pages={11--30},
  year={2015},
  publisher={Springer}
}

@article{clarke1994jeffreys,
  title={Jeffreys' prior is asymptotically least favorable under entropy risk},
  author={Clarke, Bertrand S and Barron, Andrew R},
  journal={Journal of Statistical planning and Inference},
  volume={41},
  number={1},
  pages={37--60},
  year={1994},
  publisher={Elsevier}
}

@article{ryabko1979coding,
	title={Coding of a source with unknown but ordered probabilities},
	author={Ryabko, Boris Yakovlevich},
	journal={Problems of Information Transmission},
	volume={15},
	number={2},
	pages={134--138},
	year={1979}
}

@inproceedings{haussler1995general,
	title={General bounds on the mutual information between a parameter and n conditionally independent observations},
	author={Haussler, David and Opper, Manfred},
	booktitle={Proceedings of the eighth annual conference on Computational learning theory},
	pages={402--411},
	year={1995},
	organization={ACM}
}

@article{fan1953minimax,
	title={Minimax theorems},
	author={Fan, Ky},
	journal={Proceedings of the National Academy of Sciences},
	volume={39},
	number={1},
	pages={42--47},
	year={1953},
	publisher={National Acad Sciences}
}

@article{krichevskiy1998laplace,
	title={Laplace's law of succession and universal encoding},
	author={Krichevskiy, Rafail E},
	journal={IEEE Transactions on information theory},
	volume={44},
	number={1},
	pages={296--303},
	year={1998},
	publisher={IEEE}
}

@inproceedings{kamath2015learning,
	title={On learning distributions from their samples},
	author={Kamath, Sudeep and Orlitsky, Alon and Pichapati, Dheeraj and Suresh, Ananda Theertha},
	booktitle={Conference on Learning Theory},
	pages={1066--1100},
	year={2015}
}

@article{sion1958general,
	title={On general minimax theorems},
	author={Sion, Maurice},
	journal={Pacific Journal of mathematics},
	volume={8},
	number={1},
	pages={171--176},
	year={1958},
	publisher={Mathematical Sciences Publishers}
}

@inproceedings{Agnostic_online_learning,
	title={Agnostic Online Learning.},
	author={Ben-David, Shai and P{\'a}l, D{\'a}vid and Shalev-Shwartz, Shai},
	booktitle={COLT},
	year={2009},
	organization={Citeseer}
}

@inproceedings{gofer2013regret,
	title={Regret Minimization for Branching Experts.},
	author={Gofer, Eyal and Cesa-Bianchi, Nicolo and Gentile, Claudio and Mansour, Yishay},
	booktitle={COLT},
	volume={13},
	pages={618--638},
	year={2013}
}

@article{shalev2011online,
	title={Online learning and online convex optimization},
	author={Shalev-Shwartz, Shai},
	journal={Foundations and Trends in Machine Learning},
	volume={4},
	number={2},
	pages={107--194},
	year={2011}
}

@incollection{bousquet2004introduction_to_STL,
	title={Introduction to statistical learning theory},
	author={Bousquet, Olivier and Boucheron, St{\'e}phane and Lugosi, G{\'a}bor},
	booktitle={Advanced lectures on machine learning},
	pages={169--207},
	year={2004},
	publisher={Springer}
}

@article{predicting_01_on_randomly_drawn_points,
	title={Predicting $\{$0, 1$\}$-functions on randomly drawn points},
	author={Haussler, David and Littlestone, Nick and Warmuth, Manfred K},
	journal={Information and Computation},
	volume={115},
	number={2},
	pages={248--292},
	year={1994},
	publisher={Elsevier}
}

@book{cesa2006prediction,
	title={Prediction, learning, and games},
	author={Cesa-Bianchi, Nicolo and Lugosi, G{\'a}bor},
	year={2006},
	publisher={Cambridge university press}
}

@article{Haussler,
	title={Bounds on the sample complexity of Bayesian learning using information theory and the VC dimension},
	author={Haussler, David and Kearns, Michael and Schapire, Robert E},
	journal={Machine learning},
	volume={14},
	number={1},
	pages={83--113},
	year={1994},
	publisher={Springer}
}

@article{KT,
	title={The performance of universal encoding},
	author={Krichevsky, R and Trofimov, V},
	journal={IEEE Transactions on Information Theory},
	volume={27},
	number={2},
	pages={199--207},
	year={1981},
	publisher={IEEE}
}


@incollection{Distance,
	title={Limit distribution of the minimum distance between independent and identically distributed d-dimensional random variables},
	author={Onoyama, Takuji and Sibuya, Masaaki and Tanaka, Hiroshi},
	booktitle={Statistical Extremes and Applications},
	pages={549--562},
	year={1984},
	publisher={Springer}
}

@inproceedings{rakhlin,
	title={Online learning: Stochastic, constrained, and smoothed adversaries},
	author={Rakhlin, Alexander and Sridharan, Karthik and Tewari, Ambuj},
	booktitle={Advances in Neural Information Processing Systems},
	pages={1764--1772},
	year={2011}
}

@article{shalev,
	title={Online learning and online convex optimization},
	author={Shalev-Shwartz, Shai},
	journal={Foundations and Trends in Machine Learning},
	volume={4},
	number={2},
	pages={107--194},
	year={2011}
}

@article{Vapnik,
	title={An overview of statistical learning theory},
	author={Vapnik, Vladimir N},
	journal={IEEE transactions on neural networks},
	volume={10},
	number={5},
	pages={988--999},
	year={1999},
	publisher={IEEE}
}


@article{kalai,
	title={Efficient algorithms for online decision problems},
	author={Kalai, Adam and Vempala, Santosh},
	journal={Journal of Computer and System Sciences},
	volume={71},
	number={3},
	pages={291--307},
	year={2005},
	publisher={Elsevier}
}

@inproceedings{lomnitz2013universal,
	title={A universal probability assignment for prediction of individual sequences},
	author={Lomnitz, Yuval and Feder, Meir},
	booktitle={Information Theory Proceedings (ISIT), 2013 IEEE International Symposium on},
	pages={1387--1391},
	year={2013},
	organization={IEEE}
}

@inproceedings{gofer2013branching,
	title={Regret Minimization for Branching Experts.},
	author={Gofer, Eyal and Cesa-Bianchi, Nicolo and Gentile, Claudio and Mansour, Yishay},
	booktitle={COLT},
	volume={13},
	pages={618--638},
	year={2013}
}

@phdthesis{kramer1998directed,
	title={Directed information for channels with feedback},
	author={Kramer, Gerhard},
	year={1998},
	school={University of Manitoba, Canada}
}

@article{sauer1972density,
	title={On the density of families of sets},
	author={Sauer, Norbert},
	journal={Journal of Combinatorial Theory, Series A},
	volume={13},
	number={1},
	pages={145--147},
	year={1972},
	publisher={Elsevier}
}



@article{krichevsky1981performance,
  title={The performance of universal encoding},
  author={Krichevsky, Raphail and Trofimov, Victor},
  journal={IEEE Transactions on Information Theory},
  volume={27},
  number={2},
  pages={199--207},
  year={1981},
  publisher={IEEE}
}
  
@article{ridgeregression,
  title={Ridge regression: Biased estimation for nonorthogonal problems},
  author={Hoerl, A.E. and Kennard, R},
  journal={Technometrics},
  volume={12},
  year={1970}
}

@article{pNML_neural_networks,
  title={Deep pNML: Predictive Normalized Maximum Likelihood for Deep Neural Networks},
  author={Bibas, Koby and Fogel, Yaniv and Feder, Meir},
  journal={arXiv preprint arXiv:1904.12286},
  year={2019}
}

@inproceedings{pNML_linear_regression,
  title={A new look at an old problem: A universal learning approach to linear regression},
  author={Bibas, Koby and Fogel, Yaniv and Feder, Meir},
  booktitle={2019 IEEE International Symposium on Information Theory (ISIT)},
  pages={2304--2308},
  year={2019},
  organization={IEEE}
}

@inproceedings{gal2016dropout,
  title={Dropout as a Bayesian approximation: Representing model uncertainty in deep learning},
  author={Gal, Yarin and Ghahramani, Zoubin},
  booktitle=ICML,
  pages={1050--1059},
  year={2016}
}

@inproceedings{paszke2017automatic,
  title={Automatic differentiation in {PyTorch}},
  author={Paszke, Adam and Gross, Sam and Chintala, Soumith and Chanan, Gregory and Yang, Edward and DeVito, Zachary and Lin, Zeming and Desmaison, Alban and Antiga, Luca and Lerer, Adam},
  booktitle=NIPSW,
  year={2017}
}


@inproceedings{goodfellowexplaining,
  author    = {Ian J. Goodfellow and
               Jonathon Shlens and
               Christian Szegedy},
  rem_editor    = {Yoshua Bengio and
               Yann LeCun},
  title     = {Explaining and Harnessing Adversarial Examples},
  booktitle = ICLR,
  year      = {2015},
  rem_url       = {http://arxiv.org/abs/1412.6572},
  rem_timestamp = {Thu, 25 Jul 2019 14:25:38 +0200},
  rem_biburl    = {https://dblp.org/rec/journals/corr/GoodfellowSS14.bib},
  rem_bibsource = {dblp computer science bibliography, https://dblp.org}
}


@inproceedings{vapnik1992principles,
  title={Principles of risk minimization for learning theory},
  author={Vapnik, Vladimir},
  booktitle=NIPS,
  pages={831--838},
  year={1992}
}

@inproceedings{FarniaTse,
  title={A minimax approach to supervised learning},
  author={Farnia, Farzan and Tse, David},
  booktitle=NIPS,
  pages={4240--4248},
  year={2016}
}

@inproceedings{vyas2018out,
  author    = {Apoorv Vyas and
               Nataraj Jammalamadaka and
               Xia Zhu and
               Dipankar Das and
               Bharat Kaul and
               Theodore L. Willke},
  rem_editor    = {Vittorio Ferrari and
               Martial Hebert and
               Cristian Sminchisescu and
               Yair Weiss},
  title     = {Out-of-Distribution Detection Using an Ensemble of Self Supervised Leave-Out Classifiers},
  booktitle = ECCV,
  rem_series    = {Lecture Notes in Computer Science},
  rem_volume    = {11212},
  pages     = {560--574},
  rem_publisher = {Springer},
  year      = {2018},
  rem_url       = {https://doi.org/10.1007/978-3-030-01237-3\_34},
  rem_doi       = {10.1007/978-3-030-01237-3\_34},
  rem_timestamp = {Tue, 14 May 2019 10:00:45 +0200},
  rem_biburl    = {https://dblp.org/rec/conf/eccv/VyasJZDKW18.bib},
  rem_bibsource = {dblp computer science bibliography, https://dblp.org}
}


@inproceedings{denker1990handwritten,
  title={Handwritten character recognition using neural network architectures},
  author={Denker, JS and Henderson, D and Howard, RE and Hubbard, W},
  booktitle={Proc. USPS Advanced Technology Conference, Washington DC},
  pages={1003--101},
  year={1990}
}

@inproceedings{wang2018cosface,
  title={Cosface: Large margin cosine loss for deep face recognition},
  author={Wang, Hao and Wang, Yitong and Zhou, Zheng and Ji, Xing and Gong, Dihong and Zhou, Jingchao and Li, Zhifeng and Liu, Wei},
  booktitle=CVPR,
  pages={5265--5274},
  year={2018}
}

@article{techapanurak2019hyperparameterfree,
  title={Hyperparameter-Free Out-of-Distribution Detection Using Softmax of Scaled Cosine Similarity},
  author={Techapanurak, Engkarat and Okatani, Takayuki},
  journal={arXiv preprint arXiv:1905.10628},
  year={2019}
}


@article{merhav1998universal,
  title={Universal prediction},
  author={Merhav, Neri and Feder, Meir},
  journal=TIT,
  volume={44},
  number={6},
  pages={2124--2147},
  year={1998},
  publisher={IEEE}
}


@article{lecun2010mnist,
  title={MNIST handwritten digit database},
  author={LeCun, Yann and Cortes, Corinna and Burges, CJ},
  journal={AT\&T Labs [Online]. Available: http://yann. lecun. com/exdb/mnist},
  volume={2},
  pages={18},
  year={2010}
}

@inproceedings{yu2019unsupervised,
  title={Unsupervised Out-of-Distribution Detection by Maximum Classifier Discrepancy},
  author={Yu, Qing and Aizawa, Kiyoharu},
  booktitle=ICCV,
  pages={9518--9526},
  year={2019}
}
@inproceedings{dhamija2018reducing,
  title={Reducing network agnostophobia},
  author={Dhamija, Akshay Raj and G{\"u}nther, Manuel and Boult, Terrance},
  booktitle=NIPS,
  pages={9157--9168},
  year={2018}
}

@inproceedings{oza2019c2ae,
  author    = {Poojan Oza and
               Vishal M. Patel},
  title     = {{C2AE:} Class Conditioned Auto-Encoder for Open-Set Recognition},
  booktitle = CVPR,
  pages     = {2307--2316},
  rem_publisher = {Computer Vision Foundation / {IEEE}},
  year      = {2019},
  rem_url       = {http://openaccess.thecvf.com/content\_CVPR\_2019/html/Oza\_C2AE\_Class\_Conditioned\_Auto-Encoder\_for\_Open-Set\_Recognition\_CVPR\_2019\_paper.html},
  rem_doi       = {10.1109/CVPR.2019.00241},
  rem_timestamp = {Mon, 20 Jan 2020 15:36:04 +0100},
  biburl    = {https://dblp.org/rec/conf/cvpr/OzaP19.bib},
  bibsource = {dblp computer science bibliography, https://dblp.org}
}


@inproceedings{neal2018open,
  title={Open set learning with counterfactual images},
  author={Neal, Lawrence and Olson, Matthew and Fern, Xiaoli and Wong, Weng-Keen and Li, Fuxin},
  booktitle=ECCV,
  pages={613--628},
  year={2018}
}

@inproceedings{bendale2016towards,
  title={Towards open set deep networks},
  author={Bendale, Abhijit and Boult, Terrance E},
  booktitle=CVPR,
  pages={1563--1572},
  year={2016}
}

@inproceedings{ge2017generative,
  author    = {Zongyuan Ge and
               Sergey Demyanov and
               Rahil Garnavi},
  title     = {Generative OpenMax for Multi-Class Open Set Classification},
  booktitle = BMVC,
  rem_publisher = {{BMVA} Press},
  year      = {2017},
  rem_url       = {https://www.dropbox.com/s/7hlycn200phni9j/0104.pdf?dl=1},
  rem_timestamp = {Thu, 13 Sep 2018 13:28:13 +0200},
  rem_biburl    = {https://dblp.org/rec/conf/bmvc/GeDG17.bib},
  rem_bibsource = {dblp computer science bibliography, https://dblp.org}
}


@article{scheirer2012toward,
  title={Toward open set recognition},
  author={Scheirer, Walter J and de Rezende Rocha, Anderson and Sapkota, Archana and Boult, Terrance E},
  journal=TPAMI,
  volume={35},
  number={7},
  pages={1757--1772},
  year={2012},
  publisher={IEEE}
}


@article{le2015tiny,
  title={Tiny imagenet visual recognition challenge},
  author={Le, Ya and Yang, Xuan},
  journal={CS 231N},
  year={2015}
}

@inproceedings{deng2009imagenet,
  title={Imagenet: A large-scale hierarchical image database},
  author={Deng, Jia and Dong, Wei and Socher, Richard and Li, Li-Jia and Li, Kai and Fei-Fei, Li},
  booktitle=CVPR,
  pages={248--255},
  year={2009},
  organization={Ieee}
}

@article{wah2011caltech,
  title={The caltech-ucsd birds-200-2011 dataset},
  author={Wah, Catherine and Branson, Steve and Welinder, Peter and Perona, Pietro and Belongie, Serge},
  year={2011},
  publisher={California Institute of Technology}
}


@inproceedings{liu2015faceattributes,
 title = {Deep Learning Face Attributes in the Wild},
 author = {Liu, Ziwei and Luo, Ping and Wang, Xiaogang and Tang, Xiaoou},
 booktitle = ICCV,
 month = {December},
 year = {2015} 
}

@inproceedings{huang2017densely,
  title={Densely connected convolutional networks},
  author={Huang, Gao and Liu, Zhuang and van der Maaten, Laurens and Weinberger, Kilian Q },
  booktitle=CVPR,
  year={2017}
}

@inproceedings{Xie2016,
  author    = {Saining Xie and
               Ross B. Girshick and
               Piotr Doll{\'{a}}r and
               Zhuowen Tu and
               Kaiming He},
  title     = {Aggregated Residual Transformations for Deep Neural Networks},
  booktitle = CVPR,
  pages     = {5987--5995},
  rem_publisher = {{IEEE} Computer Society},
  year      = {2017},
  rem_url       = {https://doi.org/10.1109/CVPR.2017.634},
  rem_doi       = {10.1109/CVPR.2017.634},
  rem_timestamp = {Wed, 16 Oct 2019 14:14:50 +0200},
  rem_biburl    = {https://dblp.org/rec/conf/cvpr/XieGDTH17.bib},
  rem_bibsource = {dblp computer science bibliography, https://dblp.org}
}

@incollection{phillips2011evaluation,
  title={Evaluation methods in face recognition},
  author={Phillips, P Jonathon and Grother, Patrick and Micheals, Ross},
  booktitle={Handbook of face recognition},
  pages={551--574},
  year={2011},
  publisher={Springer}
}


@inproceedings{DBLP:conf/iclr/ZhangBHRV17,
  author    = {Chiyuan Zhang and
               Samy Bengio and
               Moritz Hardt and
               Benjamin Recht and
               Oriol Vinyals},
  title     = {Understanding deep learning requires rethinking generalization},
  booktitle = ICLR,
  year      = {2017},
  rem_url       = {https://openreview.net/forum?id=Sy8gdB9xx},
  rem_timestamp = {Thu, 04 Apr 2019 13:20:08 +0200},
  rem_biburl    = {https://dblp.org/rec/bib/conf/iclr/ZhangBHRV17},
  rem_bibsource = {dblp computer science bibliography, https://dblp.org}
}

@inproceedings{geifman2017selective,
  title={Selective classification for deep neural networks},
  author={Geifman, Yonatan and El-Yaniv, Ran},
  booktitle=NIPS,
  pages={4878--4887},
  year={2017}
}

@inproceedings{tran2019transferability,
  title={Transferability and hardness of supervised classification tasks},
  author={Tran, Anh T and Nguyen, Cuong V and Hassner, Tal},
  booktitle=ICCV,
  pages={1395--1405},
  year={2019}
}

@inproceedings{hendrycks2016baseline,
  author    = {Dan Hendrycks and
               Kevin Gimpel},
  title     = {A Baseline for Detecting Misclassified and Out-of-Distribution Examples in Neural Networks},
  booktitle = ICLR,
  rem_publisher = {OpenReview.net},
  year      = {2017},
  rem_url       = {https://openreview.net/forum?id=Hkg4TI9xl},
  rem_timestamp = {Thu, 25 Jul 2019 14:25:55 +0200},
  rem_biburl    = {https://dblp.org/rec/conf/iclr/HendrycksG17.bib},
  rem_bibsource = {dblp computer science bibliography, https://dblp.org}
}

% LeNet
@article{lecun1998gradient,
  title={Gradient-based learning applied to document recognition},
  author={LeCun, Yann and Bottou, L{\'e}on and Bengio, Yoshua and Haffner, Patrick and others},
  journal={Proc. of the IEEE},
  volume={86},
  number={11},
  pages={2278--2324},
  year={1998},
  publisher={Taipei, Taiwan}
}


% Redundancy capacity duality
@article{haussler1997general,
  title={A general minimax result for relative entropy},
  author={Haussler, David},
  journal=TIT,
  volume={43},
  number={4},
  pages={1276--1280},
  year={1997},
  publisher={IEEE}
}

@article{davisson1980source,
  title={A source matching approach to finding minimax codes},
  author={Davisson, L and Leon-Garcia, Alberto},
  journal=TIT,
  volume={26},
  number={2},
  pages={166--174},
  year={1980},
  publisher={IEEE}
}

@article{arimoto1972algorithm,
  title={An algorithm for computing the capacity of arbitrary discrete memoryless channels},
  author={Arimoto, Suguru},
  journal=TIT,
  volume={18},
  number={1},
  pages={14--20},
  year={1972},
  rem_publisher={IEEE}
}



@article{moser2009error,
  title={Error probability analysis of binary asymmetric channels},
  author={Moser, Stefan M and Chen, PN and Lin, HY},
  journal={Dept. El. \& Comp. Eng., Nat. Chiao Tung Univ},
  year={2009}
}

@incollection{cardinali2013observation,
  title={Observation influence diagnostic of a data assimilation system},
  author={Cardinali, Carla},
  booktitle={Data Assimilation for Atmospheric, Oceanic and Hydrologic Applications (Vol. II)},
  pages={89--110},
  year={2013},
  publisher={Springer}
}

@book{carlin2008bayesian,
  title={Bayesian methods for data analysis},
  author={Carlin, Bradley P and Louis, Thomas A},
  year={2008},
  publisher={Chapman and Hall/CRC}
}

@misc{trevor2009elements,
  title={The elements of statistical learning: data mining, inference, and prediction},
  author={Trevor, Hastie and Robert, Tibshirani and JH, Friedman},
  year={2009},
  publisher={New York, NY: Springer}
}

@inproceedings{zagoruyko2016wide,
  author    = {Sergey Zagoruyko and
               Nikos Komodakis},
  rem_editor    = {Richard C. Wilson and
               Edwin R. Hancock and
               William A. P. Smith},
  title     = BMVC,
  rem_publisher = {{BMVA} Press},
  year      = {2016},
  rem_url       = {http://www.bmva.org/bmvc/2016/papers/paper087/index.html},
  rem_timestamp = {Thu, 07 Jun 2018 10:06:28 +0200},
  rem_biburl    = {https://dblp.org/rec/conf/bmvc/ZagoruykoK16.bib},
  rem_bibsource = {dblp computer science bibliography, https://dblp.org}
}

@inproceedings{tallini2002capacity,
  title={On the capacity and codes for the Z-channel},
  author={Tallini, Luca G and Al-Bassam, Sulaiman and Bose, Bella},
  booktitle=ISIT,
  pages={422},
  year={2002},
  organization={IEEE}
}

@inproceedings{DBLP:conf/icml/KhanNTLGS18,
  author    = {Mohammad Emtiyaz Khan and
               Didrik Nielsen and
               Voot Tangkaratt and
               Wu Lin and
               Yarin Gal and
               Akash Srivastava},
  rem_editor    = {Jennifer G. Dy and
               Andreas Krause},
  title     = {Fast and Scalable Bayesian Deep Learning by Weight-Perturbation in Adam},
  booktitle = ICML,
  rem_series    = {Proc. of Machine Learning Research},
  rem_volume    = {80},
  pages     = {2616--2625},
  rem_publisher = {{PMLR}},
  year      = {2018},
  rem_url       = {http://proceedings.mlr.press/v80/khan18a.html},
  rem_timestamp = {Wed, 03 Apr 2019 18:17:30 +0200},
  rem_biburl    = {https://dblp.org/rec/bib/conf/icml/KhanNTLGS18},
  rem_bibsource = {dblp computer science bibliography, https://dblp.org}
}


@inproceedings{BMVC2016_87,
	title={Wide Residual Networks},
	author={Sergey Zagoruyko and Nikos Komodakis},
	year={2016},
	rem_month={September},
	pages={87.1-87.12},
	rem_articleno={87},
	numpages={12},
	booktitle=BMVC,
	rem_publisher={BMVA Press},
	rem_editor={Richard C. Wilson, Edwin R. Hancock and William A. P. Smith},
	rem_doi={10.5244/C.30.87},
	rem_isbn={1-901725-59-6},
	rem_url={https://dx.doi.org/10.5244/C.30.87}
}

@article{yu15lsun,
    Author = {Yu, Fisher and Zhang, Yinda and Song, Shuran and Seff, Ari and Xiao, Jianxiong},
    Title = {LSUN: Construction of a Large-scale Image Dataset using Deep Learning with Humans in the Loop},
    Journal = {arXiv preprint arXiv:1506.03365},
    Year = {2015}
}

@inproceedings{DBLP:conf/uai/IzmailovMKGVW19,
  author    = {Pavel Izmailov and
               Wesley Maddox and
               Polina Kirichenko and
               Timur Garipov and
               Dmitry P. Vetrov and
               Andrew Gordon Wilson},
  rem_editor    = {Amir Globerson and
               Ricardo Silva},
  title     = {Subspace Inference for Bayesian Deep Learning},
  booktitle = {Proc. Conf. on Uncertainty in Artificial Intelligence},
  pages     = {435},
  rem_publisher = {{AUAI} Press},
  year      = {2019},
  rem_url       = {http://auai.org/uai2019/proceedings/papers/435.pdf},
  rem_timestamp = {Fri, 19 Jul 2019 13:05:12 +0200},
  rem_biburl    = {https://dblp.org/rec/conf/uai/IzmailovMKGVW19.bib},
  rem_bibsource = {dblp computer science bibliography, https://dblp.org}
}

@inproceedings{DBLP:conf/iclr/RitterBB18,
  author    = {Hippolyt Ritter and
               Aleksandar Botev and
               David Barber},
  title     = {A Scalable Laplace Approximation for Neural Networks},
  booktitle = ICLR,
  rem_publisher = {OpenReview.net},
  year      = {2018},
  rem_url       = {https://openreview.net/forum?id=Skdvd2xAZ},
  rem_timestamp = {Thu, 25 Jul 2019 14:26:05 +0200},
  rem_biburl    = {https://dblp.org/rec/conf/iclr/RitterBB18.bib},
  rem_bibsource = {dblp computer science bibliography, https://dblp.org}
}

@article{ours,
    Author = {Unpublished},
    Title = {Annonimized},
    Journal = {In submission},
    Year = {2020}
}

@inproceedings{hein2019relu,
  title={Why ReLU networks yield high-confidence predictions far away from the training data and how to mitigate the problem},
  author={Hein, Matthias and Andriushchenko, Maksym and Bitterwolf, Julian},
  booktitle=CVPR,
  pages={41--50},
  year={2019}
}

@incollection{von2011statistical,
  title={Statistical learning theory: Models, concepts, and results},
  author={Von Luxburg, Ulrike and Sch{\"o}lkopf, Bernhard},
  booktitle={Handbook of the History of Logic},
  volume={10},
  pages={651--706},
  year={2011},
  publisher={Elsevier}
}

@article{geman1992neural,
  title={Neural networks and the bias/variance dilemma},
  author={Geman, Stuart and Bienenstock, Elie and Doursat, Ren{\'e}},
  journal={Neural computation},
  volume={4},
  number={1},
  pages={1--58},
  year={1992},
  publisher={MIT Press}
}

@inproceedings{fogel2017problem,
  title={On the problem of on-line learning with log-loss},
  author={Fogel, Yaniv and Feder, Meir},
  booktitle={2017 IEEE International Symposium on Information Theory (ISIT)},
  pages={2995--2999},
  year={2017},
  organization={IEEE}
}

@article{bartlett2002rademacher,
  title={Rademacher and Gaussian complexities: Risk bounds and structural results},
  author={Bartlett, Peter L and Mendelson, Shahar},
  journal={Journal of Machine Learning Research},
  volume={3},
  number={Nov},
  pages={463--482},
  year={2002}
}

@article{zhou2002variants,
  title={Variants of the Greville formula with applications to exact recursive least squares},
  author={Zhou, Jie and Zhu, Yunmin and Li, X Rong and You, Zhisheng},
  journal={SIAM journal on matrix analysis and applications},
  volume={24},
  number={1},
  pages={150--164},
  year={2002},
  publisher={SIAM}
}

@article{zhuang2020training,
  title={Training a multilayer network with low-memory kernel-and-range projection},
  author={Zhuang, Huiping and Lin, Zhiping and Toh, Kar-Ann},
  journal={Journal of the Franklin Institute},
  volume={357},
  number={1},
  pages={522--550},
  year={2020},
  publisher={Elsevier}
}

@article{bartlett2020benign,
  title={Benign overfitting in linear regression},
  author={Bartlett, Peter L and Long, Philip M and Lugosi, G{\'a}bor and Tsigler, Alexander},
  journal={Proceedings of the National Academy of Sciences},
  year={2020},
  publisher={National Acad Sciences}
}

@book{tikhonov2013numerical,
  title={Numerical methods for the solution of ill-posed problems},
  author={Tikhonov, Andrei Nikolaevich and Goncharsky, AV and Stepanov, VV and Yagola, Anatoly G},
  volume={328},
  year={2013},
  publisher={Springer Science \& Business Media}
}

@inproceedings{gao2016degrees,
  author    = {Tianxiang Gao and
               Vladimir Jojic},
  editor_rem    = {Alexander T. Ihler and Dominik Janzing},
  title     = {Degrees of Freedom in Deep Neural Networks},
  booktitle = {Proceedings of the Thirty-Second Conference on Uncertainty in Artificial Intelligence},
  publisher_rem = {{AUAI} Press},
  year      = {2016},
  url_rem       = {http://auai.org/uai2016/proceedings/papers/257.pdf},
  timestamp_rem = {Thu, 12 Mar 2020 11:31:17 +0100},
  biburl_rem    = {https://dblp.org/rec/conf/uai/GaoJ16.bib},
  bibsource_rem = {dblp computer science bibliography, https://dblp.org}
}


@inproceedings{blier2018description,
  title={The description length of deep learning models},
  author={Blier, L{\'e}onard and Ollivier, Yann},
  booktitle={Advances in Neural Information Processing Systems},
  pages={2216--2226},
  year={2018}
}

@inproceedings{li2018measuring,
  author    = {Chunyuan Li and
               Heerad Farkhoor and
               Rosanne Liu and
               Jason Yosinski},
  title     = {Measuring the Intrinsic Dimension of Objective Landscapes},
  booktitle = ICLR,
  publisher_rem = {OpenReview.net},
  year      = {2018},
  url_rem       = {https://openreview.net/forum?id=ryup8-WCW},
  timestamp_rem = {Thu, 25 Jul 2019 14:25:52 +0200},
  biburl_rem    = {https://dblp.org/rec/conf/iclr/LiFLY18.bib},
  bibsource_rem = {dblp computer science bibliography, https://dblp.org}
}



@inproceedings{kakade2009complexity,
  title={On the complexity of linear prediction: Risk bounds, margin bounds, and regularization},
  author={Kakade, Sham M and Sridharan, Karthik and Tewari, Ambuj},
  booktitle={Advances in neural information processing systems},
  pages={793--800},
  year={2009}
}

@inproceedings{neyshabur2017exploring,
  title={Exploring generalization in deep learning},
  author={Neyshabur, Behnam and Bhojanapalli, Srinadh and McAllester, David and Srebro, Nati},
  booktitle={Advances in Neural Information Processing Systems},
  pages={5947--5956},
  year={2017}
}

@article{belkin2019reconciling,
  title={Reconciling modern machine-learning practice and the classical bias--variance trade-off},
  author={Belkin, Mikhail and Hsu, Daniel and Ma, Siyuan and Mandal, Soumik},
  journal={Proceedings of the National Academy of Sciences},
  volume={116},
  number={32},
  pages={15849--15854},
  year={2019},
  publisher={National Acad Sciences}
}

@article{hastie2019surprises,
  title={Surprises in high-dimensional ridgeless least squares interpolation},
  author={Hastie, Trevor and Montanari, Andrea and Rosset, Saharon and Tibshirani, Ryan J},
  journal={arXiv preprint arXiv:1903.08560},
  year={2019}
}

@article{opper2001learning,
  title={Learning to generalize},
  author={Opper, Manfred},
  journal={Frontiers of Life},
  volume={3},
  number={part 2},
  pages={763--775},
  year={2001}
}

@article{bousquet2002stability,
  title={Stability and generalization},
  author={Bousquet, Olivier and Elisseeff, Andr{\'e}},
  journal={Journal of machine learning research},
  volume={2},
  number={Mar},
  pages={499--526},
  year={2002}
}

@article{shalev2010learnability,
  title={Learnability, stability and uniform convergence},
  author={Shalev-Shwartz, Shai and Shamir, Ohad and Srebro, Nathan and Sridharan, Karthik},
  journal={Journal of Machine Learning Research},
  volume={11},
  number={Oct},
  pages={2635--2670},
  year={2010}
}